<?xml version="1.0" encoding="UTF-8"?><collection xmlns="http://www.loc.gov/MARC21/slim"><record><leader>00397nam--2200121-i-4500</leader><controlfield tag="001">000045341</controlfield><controlfield tag="002">20161230</controlfield><controlfield tag="005">20161230201045</controlfield><controlfield tag="008">060222s1000------------r-----000-0-eng-d</controlfield><datafield ind1=" " ind2=" " tag="080"><subfield code="a">622.73</subfield></datafield><datafield ind1=" " ind2=" " tag="245"><subfield code="a">Tratarea si regimul apei in cazanele industriale. sub redactia lui s.m.gurvici si m.s.scrob. trad.din l.rusa. numai pt.documentare</subfield></datafield><datafield ind1=" " ind2=" " tag="260"><subfield code="a">Bucuresti, Ed.Energ.De Stat, 1954, 239p</subfield></datafield><datafield ind1=" " ind2=" " tag="852"><subfield code="a">26050</subfield></datafield></record></collection>